@book{bipolar_disorder_book,
    author = {B. Haver and K. J. Ødegaard and O. B. Fasmer},
    title = {Bipolare Lidelser},
    year = {2012},
    publisher = {Fagbokforlaget Vigmostad \& Bjørke AS}
}

@online{bipolar_statistics,
    title = {Bipolar disorder statistics},
    url = {https://www.statisticbrain.com/bipolar-disorder-statistics/},
    note = {Accessed: 14.03.2018}
}

@online{bipolar_overview,
    title = {Bipolar disorder},
    url = {https://familydoctor.org/condition/bipolar-disorder/},
    note = {Accessed: 14.03.2018}
}

@online{bipolar_types,
    title = {Bipolar 1 Disorder and Bipolar 2 Disorder: What Are the Differences?},
    url = {https://www.healthline.com/health/bipolar-disorder/bipolar-1-vs-bipolar-2},
    note = {Accessed: 14.03.2018}
}

@online{keras_docs,
    title = {Keras documentation},
    url = {https://keras.io},
    note = {Accessed: 15.03.2018}
}

@online{cpu_vs_gpu_ml,
    title = {Why are GPUs well-suited to deep learning?},
    url = {https://www.quora.com/Why-are-GPUs-well-suited-to-deep-learning},
    note = {Accessed: 15.03.2018}
}