@book{bipolar_disorder_book,
    author = {B. Haver and K. J. Ødegaard and O. B. Fasmer},
    title = {Bipolare Lidelser},
    year = {2012},
    publisher = {Fagbokforlaget Vigmostad \& Bjørke AS}
}

@online{bipolar_statistics,
    title = {Bipolar statistics},
    url = {https://www.statisticbrain.com/bipolar-disorder-statistics/},
    note = {Accessed: 14.03.2018}
}

@online{bipolar_overview,
    title = {Bipolar overview},
    url = {https://familydoctor.org/condition/bipolar-disorder/},
    note = {Accessed: 14.03.2018}
}

@online{bipolar_types,
    title = {Bipolar types},
    url = {https://www.healthline.com/health/bipolar-disorder/bipolar-1-vs-bipolar-2#bipolar-vs-bipolar-},
    note = {Accessed: 14.03.2018}
}